<record><leader>00000cas a22000007a 4500</leader><controlfield tag="001">18787698</controlfield><controlfield tag="008">881121d19411950nyuwr ne      0    0eng d</controlfield><datafield ind1=" " ind2=" " tag="010"><subfield code="a">sn 89071039 </subfield></datafield><datafield ind1=" " ind2=" " tag="040"><subfield code="a">NYS</subfield><subfield code="b">eng</subfield><subfield code="c">NYS</subfield><subfield code="d">MHN</subfield><subfield code="d">OCL</subfield><subfield code="d">OCLCQ</subfield><subfield code="d">OCLCF</subfield><subfield code="d">OCLCO</subfield></datafield><datafield ind1="1" ind2=" " tag="029"><subfield code="a">AU@</subfield><subfield code="b">000020546031</subfield></datafield><datafield ind1=" " ind2=" " tag="042"><subfield code="a">msc</subfield></datafield><datafield ind1=" " ind2=" " tag="043"><subfield code="a">n-us-ny</subfield></datafield><datafield ind1="0" ind2=" " tag="130"><subfield code="a">Enterprise and news (Saint Johnsville, N.Y. : 1941)</subfield></datafield><datafield ind1="1" ind2="4" tag="245"><subfield code="a">The enterprise and news.</subfield></datafield><datafield ind1=" " ind2=" " tag="260"><subfield code="a">St. Johnsville, N.Y. :</subfield><subfield code="b">[s.n.]</subfield></datafield><datafield ind1=" " ind2=" " tag="300"><subfield code="a">v.</subfield></datafield><datafield ind1=" " ind2=" " tag="310"><subfield code="a">Weekly</subfield></datafield><datafield ind1="0" ind2=" " tag="362"><subfield code="a">Vol. 67, no. 22 (Dec. 11, 1941)-v. 75, no. 23 (Dec. 28, 1950).</subfield></datafield><datafield ind1=" " ind2=" " tag="500"><subfield code="a">Publisher: Stanley K. Iverson and John O. Boyd, &lt;1943&gt;; Lucille Iverson, &lt;1950&gt;.</subfield></datafield><datafield ind1=" " ind2="0" tag="651"><subfield code="a">Montgomery County (N.Y.)</subfield><subfield code="v">Newspapers.</subfield></datafield><datafield ind1=" " ind2="4" tag="651"><subfield code="a">Saint Johnsville (N.Y.)</subfield><subfield code="v">Newspapers.</subfield></datafield><datafield ind1=" " ind2="7" tag="655"><subfield code="a">Newspapers.</subfield><subfield code="2">fast</subfield><subfield code="0">(OCoLC)fst01423814</subfield></datafield><datafield ind1=" " ind2="7" tag="651"><subfield code="a">New York (State)</subfield><subfield code="z">Montgomery County.</subfield><subfield code="2">fast</subfield><subfield code="0">(OCoLC)fst01208884</subfield></datafield><datafield ind1=" " ind2=" " tag="752"><subfield code="a">United States</subfield><subfield code="b">New York</subfield><subfield code="c">Montgomery</subfield><subfield code="d">Saint Johnsville.</subfield></datafield><datafield ind1="0" ind2="0" tag="780"><subfield code="t">St. Johnsville enterprise and news</subfield><subfield code="w">(DLC)sn 84031118</subfield><subfield code="w">(OCoLC)10870626</subfield></datafield><datafield ind1="0" ind2="0" tag="785"><subfield code="t">St. Johnsville enterprise &amp; news</subfield><subfield code="w">(DLC)sn 89071038</subfield><subfield code="w">(OCoLC)18787616</subfield></datafield></record>